@misc{0,
       author = "Monash SPA",
       title = "2.4 The Mössbauer effect",
       year = "2020" 
}

@misc{1,
       author = "Wikipedia",
       title = "Mössbauer spectroscopy",
       year = "2020"
}

@misc{2,
       author = " Denkbar",
       title = "Der Mößbauer-Effekt [Physik] - Youtube",
       year = "2015"
}

@misc{3,
       author = "Wikipedia",
       title = "Debye model",
       year = "2020"
}

@misc{4,
       author = "Wikipedia",
       title = "Gold",
       year = "2020"
}

@misc{5,
       author = "Wikipedia",
       title = "Phonon",
       year = "2020"
}

@misc{6,
       author = "P. Chechev, N.K. Kuzmenko",
       title = "Table de Radionucleides Co-57 decay scheme",
       year = "2017"
}

@misc{7,
       author = "S De Benedetti",
       title = "The Mössbauer effect. SCIENTIFIC AMERICAN",
       year = "1960"
}

@misc{8,
       author = "E Murad, J Cashion",
       title = "Mössbauer Spectroscopy of Environmental Materials and Their Industrial Utilization",
       year = "2004"
}

@misc{9,
       author = "Wikipedia",
       title = "Internal conversion",
       year = "2020"
}

@misc{10,
       author = "Monash SPA",
       title = "PHS3000 Mössbauer experiment - video",
       year = "2020"
} 

@misc{11,
       author = "Wikipedia",
       title = "Ionization energies of the elements (data page)",
       year = "2020"
}

@misc{12,
       author = "NIST Fundamental physical constants",
       title = "Nuclear magneton",
       year = "2020"
}

@misc{13,
       author = "Monash SPA",
       title = "PHS3000 Mössbauer spectroscopy - video",
       year = "2020"
}

@misc{14,
       author = "Wikipedia",
       title = "Spectral line",
       year = "2020"
}

@misc{15,
       author = "The SciPy community",
       title = "scipy.optimize.curve\_fit - Docs",
       year = "2020"
}

