@misc{SPA,
       author = "Monash SPA",
       title = "1.02 Range and energy loss of $\alpha$-particles in air",
       year = "2020" 
}

@misc{feedback,
       author = "Monash SPA",
       title = "feedback to submitted logbook 2",
       year = "2020" 
}

@misc{alpha,
       author = "Wikipedia",
       title = "Alpha decay",
       year = "2020"
}

@misc{americium,
       author = "Wikipedia",
       title = "Americium-241",
       year = "2020" 
}

@misc{gold,
       author = "Wikipedia",
       title = "Gold",
       year = "2020"
}

@misc{Bethe,
       author = "Wikipedia",
       title = "Bethe formula",
       year = "2020"
}

@misc{straggling,
       author = "Wikipedia",
       title = "Range (particle radiation)",
       year = "2020"
}

