@misc{SPA,
       author = "Monash SPA",
       title = "4.4 Measurement of $\beta$-ray spectra",
       year = "2020" 
}

@misc{Wikipedia-Beta,
       author = "Wikipedia",
       title = "Beta decay",
       year = "2020"
}

@misc{Wikipedia-Neutrino,
       author = "Wikipedia",
       title = "Neutrino",
       year = "2020" 
}

@misc{Wikipedia-particle,
       author = "Wikipedia",
       title = "Beta particle",
       year = "2020"
}

@misc{Nave-spectra,
       author = "Carl R Nave",
       title = "Energy and momentum spectra for Beta decay",
       year = "2001"
}

@misc{Nave-beta,
       author = "Carl R Nave",
       title = "Beta Radioactivity",
       year = "2001"
}

@misc{Wikipedia-Conversion,
       author = "Wikipedia",
       title = "Internal conversion",
       year = "2019"
}

@article{Witcher,
       author = "Clifford M Witcher",
       title = "An Electron Lens Type of Beta-Ray Spectrometer",
       year = "1941"
}

@book{Siegbahn,
       author = "K Siegbahn",
       title = "Beta Ray Spectrometer Theory and Design",
       year = "1968"
}

@book{SMM,
       author = "R A Serway, C J Moses, C A Moyer",
       title = "Modern Physics, third edition",
       year = "2005"
}

@misc{QH,
       author = " EA Quade, D Halliday",
       title = "A Magnetic Lens Beta-and Gamma-Ray Spectrometer",
       year = "1947" 
}

@misc{Wikipedia-Rigidity,
       author = "Wikipedia",
       title = "Rigidity (electromagnetism)",
       year = "2019" 
}

@misc{NERS312,
       author = "University of Michigan",
       title = "Chapter 15, COURSE: Elements of  Nuclear Engineering and Radiological Science",
       year = "2010" 
}

@misc{SCIPY,
       author = "The SciPy community",
       title = "scipy.optimize.curve_fit docs",
       year = "2020"
}